@ARTICLE{Biere2009-lb,
  title           = "Conflict-driven clause learning {SAT} solvers",
  author          = "Biere, Armin and Heule, Marijn and van Maaren, Hans and
                  Walsh, Toby",
  journal         = "Handbook of Satisfiability, Frontiers in Artificial
                  Intelligence and Applications",
  publisher       = "satassociation.org",
  pages           = "131--153",
  year            = 2009
}

@ARTICLE{Domingos2006-zm,
  title           = "Markov logic networks",
  author          = "Domingos, Pedro and Richardson, Matthew",
  journal         = "Mach. Learn.",
  publisher       = "nlp.chonbuk.ac.kr",
  volume          = 62,
  number          = "1-2",
  pages           = "107--136",
  year            = 2006,
  issn            = "0885-6125"
}

@ARTICLE{Evans2017-pu,
  title           = "Learning Explanatory Rules from Noisy Data",
  author          = "Evans, Richard and Grefenstette, Edward",
  month           = nov,
  year            = 2017,
  archivePrefix   = "arXiv",
  eprint          = "1711.04574",
  primaryClass    = "cs.NE",
  arxivid         = "1711.04574"
}

@inproceedings{Gilmer2017-rd,
  title           = {Neural Message Passing for Quantum Chemistry},
  author          = {Gilmer, Justin and Schoenholz, Samuel S and Riley, Patrick
                  F and Vinyals, Oriol and Dahl, George E},
  booktitle       = {International Conference on Machine Learning},
  pages           = {1263--1272},
  year            = 2017
}

@book{Goodfellow-et-al-2016,
  title           = {Deep Learning},
  author          = {Ian Goodfellow and Yoshua Bengio and Aaron Courville},
  publisher       = {MIT Press},
  note            = {\url{http://www.deeplearningbook.org}},
  year            = 2016
}

@ARTICLE{Hudson2018-xb,
  title           = "Compositional Attention Networks for Machine Reasoning",
  author          = "Hudson, Drew A and Manning, Christopher D",
  month           = mar,
  year            = 2018,
  archivePrefix   = "arXiv",
  eprint          = "1803.03067",
  primaryClass    = "cs.AI",
  arxivid         = "1803.03067",
  journal         = {arXiv preprint arXiv:1803.03067},
}
@techreport{rumelhart1985learning,
  title={Learning internal representations by error propagation},
  author={Rumelhart, David E and Hinton, Geoffrey E and Williams, Ronald J},
  year={1985},
  institution={California Univ San Diego La Jolla Inst for Cognitive Science}
}

@UNPUBLISHED{Johnson2016-ky,
  title           = "Learning Graphical State Transitions",
  author          = "Johnson, Daniel D",
  month           = oct,
  year            = 2016
}

@inproceedings{Johnson2016-mw,
  title           = {CLEVR: A diagnostic dataset for compositional language and
                  elementary visual reasoning},
  author          = {Johnson, Justin and Hariharan, Bharath and van der Maaten,
                  Laurens and Fei-Fei, Li and Zitnick, C Lawrence and Girshick,
                  Ross},
  booktitle       = {Computer Vision and Pattern Recognition (CVPR), 2017 IEEE
                  Conference on},
  pages           = {1988--1997},
  year            = 2017,
  organization    = {IEEE}
}

@ARTICLE{Lake2016-qz,
  title           = "Building Machines That Learn and Think Like People",
  author          = "Lake, Brenden M and Ullman, Tomer D and Tenenbaum, Joshua B
                  and Gershman, Samuel J",
  number          = 2012,
  pages           = "1--58",
  year            = 2016,
  issn            = "0140-525X",
  pmid            = 1000303116,
  arxivid         = "1604.00289",
  doi             = "10.1017/S0140525X16001837"
}

@INPROCEEDINGS{MacCartney2009-sz,
  title           = "An Extended Model of Natural Logic",
  booktitle       = "Proceedings of the Eighth International Conference on
                  Computational Semantics",
  author          = "MacCartney, Bill and Manning, Christopher D",
  publisher       = "Association for Computational Linguistics",
  pages           = "140--156",
  series          = "IWCS-8 '09",
  year            = 2009,
  address         = "Stroudsburg, PA, USA",
  location        = "Tilburg, The Netherlands",
  isbn            = 9789074029346
}

@ARTICLE{Muggleton1991-dh,
  title           = "Inductive logic programming",
  author          = "Muggleton, Stephen",
  journal         = "New Generation Computing",
  publisher       = "Springer",
  volume          = 8,
  number          = 4,
  pages           = "295--318",
  month           = feb,
  year            = 1991,
  issn            = "1882-7055",
  doi             = "10.1007/BF03037089"
}

@ARTICLE{Quinlan1990-iv,
  title           = "Learning logical definitions from relations",
  author          = "Quinlan, J R",
  journal         = "Mach. Learn.",
  publisher       = "Springer",
  volume          = 5,
  number          = 3,
  pages           = "239--266",
  month           = aug,
  year            = 1990,
  issn            = "0885-6125",
  doi             = "10.1007/BF00117105"
}

@ARTICLE{Rocktaschel2015-rr,
  title           = "Reasoning about Entailment with Neural Attention",
  author          = "Rockt{\"a}schel, Tim and Grefenstette, Edward and Hermann,
                  Karl Moritz and Ko{\v c}isk{\'y}, Tom{\'a}{\v s} and Blunsom,
                  Phil",
  month           = sep,
  year            = 2015,
  archivePrefix   = "arXiv",
  eprint          = "1509.06664",
  primaryClass    = "cs.CL",
  arxivid         = "1509.06664",
  journal         = {arXiv preprint arXiv:1509.06664}
}

@inproceedings{Rocktaschel2017-ho,
  title           = "{End-to-End} Differentiable Proving",
  author          = "Rockt{\"a}schel, Tim and Riedel, Sebastian",
  month           = may,
  year            = 2017,
  archivePrefix   = "arXiv",
  eprint          = "1705.11040",
  primaryClass    = "cs.NE",
  arxivid         = "1705.11040",
  booktitle       = {Advances in Neural Information Processing Systems},
}

@ARTICLE{Santoro2017-gb,
  title           = "A simple neural network module for relational reasoning",
  author          = "Santoro, Adam and Raposo, David and Barrett, David G T and
                  Malinowski, Mateusz and Pascanu, Razvan and Battaglia, Peter
                  and Lillicrap, Timothy",
  month           = jun,
  year            = 2017,
  archivePrefix   = "arXiv",
  eprint          = "1706.01427",
  primaryClass    = "cs.CL",
  arxivid         = "1706.01427"
}

@ARTICLE{Selsam2018-gy,
  title           = "Learning a {SAT} Solver from {Single-Bit} Supervision",
  author          = "Selsam, Daniel and Lamm, Matthew and B{\"u}nz, Benedikt and
                  Liang, Percy and de Moura, Leonardo and Dill, David L",
  month           = feb,
  year            = 2018,
  archivePrefix   = "arXiv",
  eprint          = "1802.03685",
  primaryClass    = "cs.AI",
  arxivid         = "1802.03685"
}

@ARTICLE{Weston2015-is,
  title           = "Towards {AI-Complete} Question Answering: A Set of
                  Prerequisite Toy Tasks",
  author          = "Weston, Jason and Bordes, Antoine and Chopra, Sumit and
                  Rush, Alexander M and van Merri{\"e}nboer, Bart and Joulin,
                  Armand and Mikolov, Tomas",
  year            = 2015,
  issn            = "0378-7753",
  arxivid         = "1502.05698",
  doi             = "10.1016/j.jpowsour.2014.09.131"
}

@article{ba2016layer,
  title           = {Layer normalization},
  author          = {Ba, Jimmy Lei and Kiros, Jamie Ryan and Hinton, Geoffrey E},
  journal         = {arXiv preprint arXiv:1607.06450},
  year            = 2016
}

@article{bahdanau2014neural,
  title           = {Neural machine translation by jointly learning to align and
                  translate},
  author          = {Bahdanau, Dzmitry and Cho, Kyunghyun and Bengio, Yoshua},
  journal         = {arXiv preprint arXiv:1409.0473},
  URL             = {https://arxiv.org/abs/1409.0473},
  year            = 2014
}

@inproceedings{bailey2015winograd,
  title           = {The winograd schema challenge and reasoning about
                  correlation},
  author          = {Bailey, Dan and Harrison, Amelia and Lierler, Yuliya and
                  Lifschitz, Vladimir and Michael, Julian},
  booktitle       = {In Working Notes of the Symposium on Logical Formalizations
                  of Commonsense Reasoning},
  URL             =
                  {http://www.aaai.org/ocs/index.php/SSS/SSS15/paper/viewFile/10295/10067},
  year            = 2015
}

@inproceedings{battaglia2016interaction,
  title           = {Interaction networks for learning about objects, relations
                  and physics},
  author          = {Battaglia, Peter and Pascanu, Razvan and Lai, Matthew and
                  Rezende, Danilo Jimenez and others},
  booktitle       = {Advances in neural information processing systems},
  pages           = {4502--4510},
  year            = 2016
}

@article{bengio2006greedy,
  title           = {Greedy layer-wise training of deep networks},
  author          = {Bengio, Yoshua and Lamblin, Pascal and Popovici, Dan and
                  Larochelle, Hugo},
  journal         = {Advances in neural information processing systems},
  volume          = 19,
  year            = 2006
}

@inproceedings{bollacker2008freebase,
  title           = {Freebase: a collaboratively created graph database for
                  structuring human knowledge},
  author          = {Bollacker, Kurt and Evans, Colin and Paritosh, Praveen and
                  Sturge, Tim and Taylor, Jamie},
  booktitle       = {Proceedings of the 2008 ACM SIGMOD international conference
                  on Management of data},
  pages           = {1247--1250},
  year            = 2008,
  organization    = {AcM}
}

@inproceedings{bordes2013translating,
  title           = {Translating embeddings for modeling multi-relational data},
  author          = {Bordes, Antoine and Usunier, Nicolas and Garcia-Duran,
                  Alberto and Weston, Jason and Yakhnenko, Oksana},
  booktitle       = {Advances in neural information processing systems},
  pages           = {2787--2795},
  year            = 2013
}

@inproceedings{bordes2014question,
  title           = {Question Answering with Subgraph Embeddings},
  author          = {Bordes, Antoine and Chopra, Sumit and Weston, Jason},
  booktitle       = {Proceedings of the 2014 Conference on Empirical Methods in
                  Natural Language Processing (EMNLP)},
  pages           = {615--620},
  year            = 2014
}

@article{bordes_large-scale_2015,
  title           = {Large-scale {Simple} {Question} {Answering} with {Memory}
                  {Networks}},
  url             = {http://arxiv.org/abs/1506.02075},
  language        = {en},
  urldate         = {2018-12-19},
  journal         = {arXiv:1506.02075 [cs]},
  author          = {Bordes, Antoine and Usunier, Nicolas and Chopra, Sumit and
                  Weston, Jason},
  month           = jun,
  year            = 2015,
  note            = {arXiv: 1506.02075},
  keywords        = {Computer Science - Machine Learning, Computer Science -
                  Computation and Language}
}

@article{bowman2015large,
  title           = {A large annotated corpus for learning natural language
                  inference},
  author          = {Bowman, Samuel R and Angeli, Gabor and Potts, Christopher
                  and Manning, Christopher D},
  journal         = {arXiv preprint arXiv:1508.05326},
  year            = 2015
}

@article{brown1992class,
  title           = {Class-based n-gram models of natural language},
  author          = {Brown, Peter F and Desouza, Peter V and Mercer, Robert L
                  and Pietra, Vincent J Della and Lai, Jenifer C},
  journal         = {Computational linguistics},
  volume          = 18,
  number          = 4,
  pages           = {467--479},
  year            = 1992,
  publisher       = {MIT Press}
}

@article{chandra1985horn,
  title           = {Horn clause queries and generalizations},
  author          = {Chandra, Ashok K and Harel, David},
  journal         = {The Journal of Logic Programming},
  volume          = 2,
  number          = 1,
  pages           = {1--15},
  year            = 1985,
  publisher       = {North-Holland}
}

@inproceedings{chiang2005hierarchical,
  title           = {A hierarchical phrase-based model for statistical machine
                  translation},
  author          = {Chiang, David},
  booktitle       = {Proceedings of the 43rd Annual Meeting on Association for
                  Computational Linguistics},
  pages           = {263--270},
  year            = 2005,
  organization    = {Association for Computational Linguistics}
}

@inproceedings{chikara2015inductive,
  title           = {Inductive logic programming using a maxsat solver},
  author          = {Chikara, Noriaki and Koshimura, Miyuki and Fujita, Hiroshi
                  and Hasegawa, Ryuzo},
  booktitle       = {Proc. ILP},
  year            = 2015
}

@article{chu2016broad,
  title           = {Broad context language modeling as reading comprehension},
  author          = {Chu, Zewei and Wang, Hai and Gimpel, Kevin and McAllester,
                  David},
  journal         = {arXiv preprint arXiv:1610.08431},
  year            = 2016
}

@misc{conneau2018cram,
  title           = {What you can cram into a single vector: Probing sentence
                  embeddings for linguistic properties},
  author          = {Alexis Conneau and German Kruszewski and Guillaume Lample
                  and Loïc Barrault and Marco Baroni},
  year            = 2018,
  eprint          = {1805.01070},
  archivePrefix   = {arXiv},
  primaryClass    = {cs.CL}
}

@inproceedings{corapi2010inductive,
  title           = {Inductive logic programming as abductive search},
  author          = {Corapi, Domenico and Russo, Alessandra and Lupu, Emil},
  booktitle       = {LIPIcs-Leibniz International Proceedings in Informatics},
  volume          = 7,
  year            = 2010,
  organization    = {Schloss Dagstuhl-Leibniz-Zentrum fuer Informatik}
}

@article{dagan_dolan_magnini_roth_2009,
  title           = {Recognizing textual entailment: Rational, evaluation and
                  approaches},
  volume          = 15,
  DOI             = {10.1017/S1351324909990209},
  number          = 4,
  journal         = {Natural Language Engineering},
  publisher       = {Cambridge University Press},
  author          = {Dagan, Ido and Dolan, Bill and Magnini, Bernardo and Roth,
                  Dan},
  year            = 2009,
  pages           = {i-xvii}
}

@article{das2016chains,
  title           = {Chains of reasoning over entities, relations, and text
                  using recurrent neural networks},
  author          = {Das, Rajarshi and Neelakantan, Arvind and Belanger, David
                  and McCallum, Andrew},
  journal         = {arXiv preprint arXiv:1607.01426},
  year            = 2016
}

@book{dowty2012introduction,
  title           = {Introduction to Montague semantics},
  author          = {Dowty, David R and Wall, Robert and Peters, Stanley},
  volume          = 11,
  year            = 2012,
  publisher       = {Springer Science \& Business Media}
}

@inproceedings{duvenaud2015convolutional,
  title           = {Convolutional networks on graphs for learning molecular
                  fingerprints},
  author          = {Duvenaud, David K and Maclaurin, Dougal and Iparraguirre,
                  Jorge and Bombarell, Rafael and Hirzel, Timothy and
                  Aspuru-Guzik, Al{\'a}n and Adams, Ryan P},
  booktitle       = {Advances in neural information processing systems},
  pages           = {2224--2232},
  year            = 2015
}

@incollection{dvzeroski2009relational,
  title           = {Relational data mining},
  author          = {D{\v{z}}eroski, Sa{\v{s}}o},
  booktitle       = {Data Mining and Knowledge Discovery Handbook},
  pages           = {887--911},
  year            = 2009,
  publisher       = {Springer}
}

@article{etzioni2008open,
  title           = {Open information extraction from the web},
  author          = {Etzioni, Oren and Banko, Michele and Soderland, Stephen and
                  Weld, Daniel S},
  journal         = {Communications of the ACM},
  volume          = 51,
  number          = 12,
  pages           = {68--74},
  year            = 2008,
  publisher       = {ACM}
}

@book{fano1949transmission,
  title           = {The transmission of information},
  author          = {Fano, Robert M},
  year            = 1949,
  publisher       = {Massachusetts Institute of Technology, Research Laboratory
                  of Electronics~…}
}

@article{firth1957synopsis,
  title           = {A synopsis of linguistic theory, 1930-1955},
  author          = {Firth, John R},
  journal         = {Studies in linguistic analysis},
  year            = 1957,
  publisher       = {Basil Blackwell}
}

@incollection{gallaire1988logic,
  title           = {Logic and databases: A deductive approach},
  author          = {Gallaire, Herve and Minker, Jack and Nicolas, Jean-Marie},
  booktitle       = {Readings in Artificial Intelligence and Databases},
  pages           = {231--247},
  year            = 1988,
  publisher       = {Elsevier}
}

@article{glickman2005web,
  title           = {Web based probabilistic textual entailment},
  author          = {Glickman, Oren and Dagan, Ido and Koppel, Moshe},
  year            = 2005
}

@book{goodfellow2016deep,
  title           = {Deep learning},
  author          = {Goodfellow, Ian and Bengio, Yoshua and Courville, Aaron},
  year            = 2016,
  publisher       = {MIT press}
}

@article{graves2014neural,
  title           = {Neural turing machines},
  author          = {Graves, Alex and Wayne, Greg and Danihelka, Ivo},
  journal         = {arXiv preprint arXiv:1410.5401},
  year            = 2014
}

@article{graves2014neural,
  title           = {Neural turing machines},
  author          = {Graves, Alex and Wayne, Greg and Danihelka, Ivo},
  journal         = {arXiv preprint arXiv:1410.5401},
  year            = 2014
}

@article{grefenstette2013towards,
  title           = {Towards a formal distributional semantics: Simulating
                  logical calculi with tensors},
  author          = {Grefenstette, Edward},
  journal         = {arXiv preprint arXiv:1304.5823},
  year            = 2013
}

@inproceedings{grefenstette2015learning,
  title           = {Learning to transduce with unbounded memory},
  author          = {Grefenstette, Edward and Hermann, Karl Moritz and Suleyman,
                  Mustafa and Blunsom, Phil},
  booktitle       = {Advances in Neural Information Processing Systems},
  pages           = {1828--1836},
  year            = 2015
}

@inproceedings{grover2016node2vec,
  title           = {node2vec: Scalable feature learning for networks},
  author          = {Grover, Aditya and Leskovec, Jure},
  booktitle       = {Proceedings of the 22nd ACM SIGKDD international conference
                  on Knowledge discovery and data mining},
  pages           = {855--864},
  year            = 2016,
  organization    = {ACM}
}

@inproceedings{hamilton2017inductive,
  title           = {Inductive representation learning on large graphs},
  author          = {Hamilton, Will and Ying, Zhitao and Leskovec, Jure},
  booktitle       = {Advances in Neural Information Processing Systems},
  pages           = {1024--1034},
  year            = 2017
}

@article{hamilton2017representation,
  title           = {Representation learning on graphs: Methods and
                  applications},
  author          = {Hamilton, William L and Ying, Rex and Leskovec, Jure},
  journal         = {arXiv preprint arXiv:1709.05584},
  year            = 2017
}

@inproceedings{hanprobqa,
  author          = {Han, Kyoung-Soo and Song, Young-In and Rim, Hae-Chang},
  title           = {Probabilistic Model for Definitional Question Answering},
  booktitle       = {Proceedings of the 29th Annual International ACM SIGIR
                  Conference on Research and Development in Information
                  Retrieval},
  series          = {SIGIR '06},
  year            = 2006,
  isbn            = {1-59593-369-7},
  location        = {Seattle, Washington, USA},
  pages           = {212--219},
  numpages        = 8,
  url             = {http://doi.acm.org/10.1145/1148170.1148210},
  doi             = {10.1145/1148170.1148210},
  acmid           = 1148210,
  publisher       = {ACM},
  address         = {New York, NY, USA},
  keywords        = {definitional question answering, language model,
                  probabilistic model},
}

@article{hinton2006fast,
  title           = {A fast learning algorithm for deep belief nets},
  author          = {Hinton, Geoffrey E and Osindero, Simon and Teh, Yee-Whye},
  journal         = {Neural computation},
  volume          = 18,
  number          = 7,
  pages           = {1527--1554},
  year            = 2006,
  publisher       = {MIT Press One Rogers Street, Cambridge, MA 02142-1209, USA
                  journals-info~…}
}

@article{hochreiter1997long,
  title           = {Long short-term memory},
  author          = {Hochreiter, Sepp and Schmidhuber, J{\"u}rgen},
  journal         = {Neural computation},
  volume          = 9,
  number          = 8,
  pages           = {1735--1780},
  year            = 1997,
  publisher       = {MIT Press}
}

@misc{hochreiter2001gradient,
  title           = {Gradient flow in recurrent nets: the difficulty of learning
                  long-term dependencies},
  author          = {Hochreiter, Sepp and Bengio, Yoshua and Frasconi, Paolo and
                  Schmidhuber, J{\"u}rgen and others},
  year            = 2001,
  publisher       = {A field guide to dynamical recurrent neural networks. IEEE
                  Press}
}

@book{hofstadter1980godel,
  title           = {G{\"o}del, escher, bach},
  author          = {Hofstadter, Douglas R},
  year            = 1980,
  publisher       = {Vintage Books New York}
}

@misc{dufter2021position,
  doi             = {10.48550/ARXIV.2102.11090},
  url             = {https://arxiv.org/abs/2102.11090},
  author          = {Dufter, Philipp and Schmitt, Martin and Schütze, Hinrich},
  keywords        = {Computation and Language (cs.CL), Artificial Intelligence
                  (cs.AI), FOS: Computer and information sciences, FOS: Computer
                  and information sciences},
  title           = {Position Information in Transformers: An Overview},
  publisher       = {arXiv},
  year            = 2021,
  copyright       = {arXiv.org perpetual, non-exclusive license}
}

@article{jones1972statistical,
  title           = {A statistical interpretation of term specificity and its
                  application in retrieval},
  author          = {Jones, Karen Sparck},
  journal         = {Journal of documentation},
  year            = 1972,
  publisher       = {MCB UP Ltd}
}

@article{joos1950description,
  title           = {Description of language design},
  author          = {Joos, Martin},
  journal         = {The Journal of the Acoustical Society of America},
  volume          = 22,
  number          = 6,
  pages           = {701--707},
  year            = 1950,
  publisher       = {Acoustical Society of America}
}

@inproceedings{joulin2015inferring,
  title           = {Inferring algorithmic patterns with stack-augmented
                  recurrent nets},
  author          = {Joulin, Armand and Mikolov, Tomas},
  booktitle       = {Advances in neural information processing systems},
  pages           = {190--198},
  year            = 2015
}

@article{katz1987estimation,
  title           = {Estimation of probabilities from sparse data for the
                  language model component of a speech recognizer},
  author          = {Katz, Slava},
  journal         = {IEEE transactions on acoustics, speech, and signal
                  processing},
  volume          = 35,
  number          = 3,
  pages           = {400--401},
  year            = 1987,
  publisher       = {IEEE}
}

@article{kearnes2016molecular,
  title           = {Molecular graph convolutions: moving beyond fingerprints},
  author          = {Kearnes, Steven and McCloskey, Kevin and Berndl, Marc and
                  Pande, Vijay and Riley, Patrick},
  journal         = {Journal of computer-aided molecular design},
  volume          = 30,
  number          = 8,
  pages           = {595--608},
  year            = 2016,
  publisher       = {Springer}
}

@article{kipf2016semi,
  title           = {Semi-supervised classification with graph convolutional
                  networks},
  author          = {Kipf, Thomas N and Welling, Max},
  journal         = {arXiv preprint arXiv:1609.02907},
  year            = 2016
}

@book{kowalski1979logic,
  title           = {Logic for problem solving},
  author          = {Kowalski, Robert},
  volume          = 7,
  year            = 1979,
  publisher       = {Ediciones D{\'\i}az de Santos}
}

@inproceedings{lao2011random,
  title           = {Random walk inference and learning in a large scale
                  knowledge base},
  author          = {Lao, Ni and Mitchell, Tom and Cohen, William W},
  booktitle       = {Proceedings of the Conference on Empirical Methods in
                  Natural Language Processing},
  pages           = {529--539},
  year            = 2011,
  organization    = {Association for Computational Linguistics}
}

@article{lecun1995convolutional,
  title           = {Convolutional networks for images, speech, and time series},
  author          = {LeCun, Yann and Bengio, Yoshua and others},
  journal         = {The handbook of brain theory and neural networks},
  volume          = 3361,
  number          = 10,
  pages           = 1995,
  year            = 1995
}

@article{lecun1998gradient,
  title           = {Gradient-based learning applied to document recognition},
  author          = {LeCun, Yann and Bottou, L{\'e}on and Bengio, Yoshua and
                  Haffner, Patrick},
  journal         = {Proceedings of the IEEE},
  volume          = 86,
  number          = 11,
  pages           = {2278--2324},
  year            = 1998,
  publisher       = {IEEE}
}

@inproceedings{levesque2011winograd,
  title           = {The Winograd schema challenge.},
  author          = {Levesque, Hector J and Davis, Ernest and Morgenstern,
                  Leora},
  booktitle       = {Aaai spring symposium: Logical formalizations of
                  commonsense reasoning},
  volume          = 46,
  pages           = 47,
  year            = 2011
}

@article{li2015gated,
  title           = {Gated graph sequence neural networks},
  author          = {Li, Yujia and Tarlow, Daniel and Brockschmidt, Marc and
                  Zemel, Richard},
  journal         = {arXiv preprint arXiv:1511.05493},
  year            = 2015
}

@article{liu2016combing,
  title           = {Combing context and commonsense knowledge through neural
                  networks for solving winograd schema problems},
  author          = {Liu, Quan and Jiang, Hui and Ling, Zhen-Hua and Zhu,
                  Xiao-Dan and Wei, Si and Hu, Yu},
  journal         = {CoRR, abs/1611.04146},
  year            = 2016
}

@inproceedings{lowe2015ubuntu,
  title           = {The Ubuntu Dialogue Corpus: A Large Dataset for Research in
                  Unstructured Multi-Turn Dialogue Systems},
  author          = {Lowe, Ryan and Pow, Nissan and Serban, Iulian V and Pineau,
                  Joelle},
  booktitle       = {16th Annual Meeting of the Special Interest Group on
                  Discourse and Dialogue},
  pages           = 285,
  year            = 2015
}

@article{luhn1957statistical,
  title           = {A statistical approach to mechanized encoding and searching
                  of literary information},
  author          = {Luhn, Hans Peter},
  journal         = {IBM Journal of research and development},
  volume          = 1,
  number          = 4,
  pages           = {309--317},
  year            = 1957,
  publisher       = {IBM}
}

@InProceedings{luong-pham-manning:2015:EMNLP,
  author          = {Luong, Minh-Thang and Pham, Hieu and Manning, Christopher
                  D.},
  title           = {Effective Approaches to Attention-based Neural Machine
                  Translation},
  booktitle       = {Empirical Methods in Natural Language Processing (EMNLP)},
  month           = {September},
  year            = 2015,
  address         = {Lisbon, Portugal},
  publisher       = {Association for Computational Linguistics},
  pages           = {1412--1421},
  url             = {http://aclweb.org/anthology/D15-1166}
}

@inproceedings{luong2016acl_hybrid,
  address         = {Berlin, Germany},
  author          = {Luong, Minh-Thang and Manning, Christopher D.},
  booktitle       = {Association for Computational Linguistics (ACL)},
  month           = {August},
  title           = {Achieving Open Vocabulary Neural Machine Translation with
                  Hybrid Word-Character Models},
  url             = {https://nlp.stanford.edu/pubs/luong2016acl_hybrid.pdf},
  year            = 2016
}

@inproceedings{maccartney2008phrase,
  title           = {A phrase-based alignment model for natural language
                  inference},
  author          = {MacCartney, Bill and Galley, Michel and Manning,
                  Christopher D},
  booktitle       = {Proceedings of the conference on empirical methods in
                  natural language processing},
  pages           = {802--811},
  year            = 2008,
  organization    = {Association for Computational Linguistics}
}

@inproceedings{marcu2002phrase,
  title           = {A phrase-based, joint probability model for statistical
                  machine translation},
  author          = {Marcu, Daniel and Wong, William},
  booktitle       = {Proceedings of the ACL-02 conference on Empirical methods
                  in natural language processing-Volume 10},
  pages           = {133--139},
  year            = 2002,
  organization    = {Association for Computational Linguistics}
}

@inproceedings{mikolov2013distributed,
  title           = {Distributed representations of words and phrases and their
                  compositionality},
  author          = {Mikolov, Tomas and Sutskever, Ilya and Chen, Kai and
                  Corrado, Greg S and Dean, Jeff},
  booktitle       = {Advances in neural information processing systems},
  pages           = {3111--3119},
  year            = 2013
}

@article{mikolov2013efficient,
  title           = {Efficient estimation of word representations in vector
                  space},
  author          = {Mikolov, Tomas and Chen, Kai and Corrado, Greg and Dean,
                  Jeffrey},
  journal         = {arXiv preprint arXiv:1301.3781},
  year            = 2013
}

@article{miller1995wordnet,
  title           = {WordNet: a lexical database for English},
  author          = {Miller, George A},
  journal         = {Communications of the ACM},
  volume          = 38,
  number          = 11,
  pages           = {39--41},
  year            = 1995,
  publisher       = {ACM}
}

@article{miller2016key,
  title           = {Key-value memory networks for directly reading documents},
  author          = {Miller, Alexander and Fisch, Adam and Dodge, Jesse and
                  Karimi, Amir-Hossein and Bordes, Antoine and Weston, Jason},
  journal         = {arXiv preprint arXiv:1606.03126},
  year            = 2016
}

@inproceedings{min2013distant,
  title           = {Distant supervision for relation extraction with an
                  incomplete knowledge base},
  author          = {Min, Bonan and Grishman, Ralph and Wan, Li and Wang, Chang
                  and Gondek, David},
  booktitle       = {Proceedings of the 2013 Conference of the North American
                  Chapter of the Association for Computational Linguistics:
                  Human Language Technologies},
  pages           = {777--782},
  year            = 2013
}

@article{montague1970english,
  title           = {English as a formal language},
  author          = {Montague, Richard},
  year            = 1970
}

@article{muggleton1995inverse,
  title           = {Inverse entailment and Progol},
  author          = {Muggleton, Stephen},
  journal         = {New generation computing},
  volume          = 13,
  number          = {3-4},
  pages           = {245--286},
  year            = 1995,
  publisher       = {Springer}
}

@inproceedings{narayanan2004question,
  title           = {Question answering based on semantic structures},
  author          = {Narayanan, Srini and Harabagiu, Sanda},
  booktitle       = {Proceedings of the 20th international conference on
                  Computational Linguistics},
  pages           = 693,
  year            = 2004,
  organization    = {Association for Computational Linguistics}
}

@article{neelakantan2015compositional,
  title           = {Compositional vector space models for knowledge base
                  completion},
  author          = {Neelakantan, Arvind and Roth, Benjamin and McCallum,
                  Andrew},
  journal         = {arXiv preprint arXiv:1504.06662},
  year            = 2015
}

@article{neelakantan2015neural,
  title           = {Neural programmer: Inducing latent programs with gradient
                  descent},
  author          = {Neelakantan, Arvind and Le, Quoc V and Sutskever, Ilya},
  journal         = {arXiv preprint arXiv:1511.04834},
  year            = 2015
}

@inproceedings{peng2015solving,
  title           = {Solving hard coreference problems},
  author          = {Peng, Haoruo and Khashabi, Daniel and Roth, Dan},
  booktitle       = {Proceedings of the 2015 Conference of the North American
                  Chapter of the Association for Computational Linguistics:
                  Human Language Technologies},
  pages           = {809--819},
  year            = 2015
}

@article{quinlan1986induction,
  title           = {Induction of decision trees},
  author          = {Quinlan, J. Ross},
  journal         = {Machine learning},
  volume          = 1,
  number          = 1,
  pages           = {81--106},
  year            = 1986,
  publisher       = {Springer}
}

@article{rajpurkar2016squad,
  title           = {Squad: 100,000+ questions for machine comprehension of
                  text},
  author          = {Rajpurkar, Pranav and Zhang, Jian and Lopyrev, Konstantin
                  and Liang, Percy},
  journal         = {arXiv preprint arXiv:1606.05250},
  year            = 2016
}

@inproceedings{richardson2013mctest,
  title           = {Mctest: A challenge dataset for the open-domain machine
                  comprehension of text},
  author          = {Richardson, Matthew and Burges, Christopher JC and Renshaw,
                  Erin},
  booktitle       = {Proceedings of the 2013 Conference on Empirical Methods in
                  Natural Language Processing},
  pages           = {193--203},
  year            = 2013
}

@article{rosenblatt1958perceptron,
  title           = {The perceptron: a probabilistic model for information
                  storage and organization in the brain.},
  author          = {Rosenblatt, Frank},
  journal         = {Psychological review},
  volume          = 65,
  number          = 6,
  pages           = 386,
  year            = 1958,
  publisher       = {American Psychological Association}
}

@article{rumelhart1986learning,
  title           = {Learning representations by back-propagating errors},
  author          = {Rumelhart, David E and Hinton, Geoffrey E and Williams,
                  Ronald J},
  journal         = {nature},
  volume          = 323,
  number          = 6088,
  pages           = 533,
  year            = 1986,
  publisher       = {Nature Publishing Group}
}

@inproceedings{schoenmackers2010learning,
  title           = {Learning first-order horn clauses from web text},
  author          = {Schoenmackers, Stefan and Etzioni, Oren and Weld, Daniel S
                  and Davis, Jesse},
  booktitle       = {Proceedings of the 2010 Conference on Empirical Methods in
                  Natural Language Processing},
  pages           = {1088--1098},
  year            = 2010,
  organization    = {Association for Computational Linguistics}
}

@inproceedings{schoenmackers2010learning,
  title           = {Learning first-order horn clauses from web text},
  author          = {Schoenmackers, Stefan and Etzioni, Oren and Weld, Daniel S
                  and Davis, Jesse},
  booktitle       = {Proceedings of the 2010 Conference on Empirical Methods in
                  Natural Language Processing},
  pages           = {1088--1098},
  year            = 2010,
  organization    = {Association for Computational Linguistics}
}

@article{schutt2017quantum,
  title           = {Quantum-chemical insights from deep tensor neural networks},
  author          = {Sch{\"u}tt, Kristof T and Arbabzadah, Farhad and Chmiela,
                  Stefan and M{\"u}ller, Klaus R and Tkatchenko, Alexandre},
  journal         = {Nature communications},
  volume          = 8,
  pages           = 13890,
  year            = 2017,
  publisher       = {Nature Publishing Group}
}

@inproceedings{serban2016building,
  title           = {Building End-To-End Dialogue Systems Using Generative
                  Hierarchical Neural Network Models.},
  author          = {Serban, Iulian Vlad and Sordoni, Alessandro and Bengio,
                  Yoshua and Courville, Aaron C and Pineau, Joelle},
  booktitle       = {AAAI},
  volume          = 16,
  pages           = {3776--3784},
  year            = 2016
}

@inproceedings{serban2017hierarchical,
  title           = {A Hierarchical Latent Variable Encoder-Decoder Model for
                  Generating Dialogues.},
  author          = {Serban, Iulian Vlad and Sordoni, Alessandro and Lowe, Ryan
                  and Charlin, Laurent and Pineau, Joelle and Courville, Aaron C
                  and Bengio, Yoshua},
  booktitle       = {AAAI},
  pages           = {3295--3301},
  year            = 2017
}

@inproceedings{socher2012semantic,
  title           = {Semantic compositionality through recursive matrix-vector
                  spaces},
  author          = {Socher, Richard and Huval, Brody and Manning, Christopher D
                  and Ng, Andrew Y},
  booktitle       = {Proceedings of the 2012 joint conference on empirical
                  methods in natural language processing and computational
                  natural language learning},
  pages           = {1201--1211},
  year            = 2012,
  organization    = {Association for Computational Linguistics}
}

@inproceedings{socher2013reasoning,
  title           = {Reasoning with neural tensor networks for knowledge base
                  completion},
  author          = {Socher, Richard and Chen, Danqi and Manning, Christopher D
                  and Ng, Andrew},
  booktitle       = {Advances in neural information processing systems},
  pages           = {926--934},
  year            = 2013
}

@article{soon2001machine,
  title           = {A machine learning approach to coreference resolution of
                  noun phrases},
  author          = {Soon, Wee Meng and Ng, Hwee Tou and Lim, Daniel Chung Yong},
  journal         = {Computational linguistics},
  volume          = 27,
  number          = 4,
  pages           = {521--544},
  year            = 2001,
  publisher       = {MIT Press}
}

@inproceedings{sukhbaatar2015end,
  title           = {End-to-end memory networks},
  author          = {Sukhbaatar, Sainbayar and Weston, Jason and Fergus, Rob and
                  others},
  booktitle       = {Advances in neural information processing systems},
  pages           = {2440--2448},
  year            = 2015
}

@inproceedings{sukhbaatar2015end,
  title           = {End-to-end memory networks},
  author          = {Sukhbaatar, Sainbayar and Weston, Jason and Fergus, Rob and
                  others},
  booktitle       = {Advances in neural information processing systems},
  pages           = {2440--2448},
  year            = 2015
}

@article{trischler2016newsqa,
  title           = {Newsqa: A machine comprehension dataset},
  author          = {Trischler, Adam and Wang, Tong and Yuan, Xingdi and Harris,
                  Justin and Sordoni, Alessandro and Bachman, Philip and
                  Suleman, Kaheer},
  journal         = {arXiv preprint arXiv:1611.09830},
  year            = 2016
}

@inproceedings{trischler2017newsqa,
  title           = {NewsQA: A Machine Comprehension Dataset},
  author          = {Trischler, Adam and Wang, Tong and Yuan, Xingdi and Harris,
                  Justin and Sordoni, Alessandro and Bachman, Philip and
                  Suleman, Kaheer},
  booktitle       = {Proceedings of the 2nd Workshop on Representation Learning
                  for NLP},
  pages           = {191--200},
  year            = 2017
}

@book{van1995language,
  title           = {Language in Action: categories, lambdas and dynamic logic},
  author          = {Van Benthem, Johan},
  year            = 1995,
  publisher       = {MIT Press}
}

@book{van2008brief,
  title           = {A brief history of natural logic},
  author          = {Van Benthem, Johan and others},
  year            = 2008,
  publisher       = {LondonCollege Publications9781904987444}
}

@article{velickovic2017graph,
  title           = {Graph attention networks},
  author          = {Velickovic, Petar and Cucurull, Guillem and Casanova,
                  Arantxa and Romero, Adriana and Lio, Pietro and Bengio,
                  Yoshua},
  journal         = {arXiv preprint arXiv:1710.10903},
  volume          = 1,
  number          = 2,
  year            = 2017
}

@article{wang2016machine,
  title           = {Machine comprehension using match-lstm and answer pointer},
  author          = {Wang, Shuohang and Jiang, Jing},
  journal         = {arXiv preprint arXiv:1608.07905},
  year            = 2016
}

@misc{weston2014memory,
  title           = {Memory Networks},
  author          = {Jason Weston and Sumit Chopra and Antoine Bordes},
  year            = 2014,
  eprint          = {1410.3916},
  archivePrefix   = {arXiv},
  primaryClass    = {cs.AI}
}

@article{williams2017broad,
  title           = {A broad-coverage challenge corpus for sentence
                  understanding through inference},
  author          = {Williams, Adina and Nangia, Nikita and Bowman, Samuel R},
  journal         = {arXiv preprint arXiv:1704.05426},
  year            = 2017
}

@article{wu2016google,
  title           = {Google's neural machine translation system: Bridging the
                  gap between human and machine translation},
  author          = {Wu, Yonghui and Schuster, Mike and Chen, Zhifeng and Le,
                  Quoc V and Norouzi, Mohammad and Macherey, Wolfgang and
                  Krikun, Maxim and Cao, Yuan and Gao, Qin and Macherey, Klaus
                  and others},
  journal         = {arXiv preprint arXiv:1609.08144},
  year            = 2016
}

@inproceedings{yang2015wikiqa,
  title           = {Wikiqa: A challenge dataset for open-domain question
                  answering},
  author          = {Yang, Yi and Yih, Wen-tau and Meek, Christopher},
  booktitle       = {Proceedings of the 2015 Conference on Empirical Methods in
                  Natural Language Processing},
  pages           = {2013--2018},
  year            = 2015
}

@inproceedings{yates2007textrunner,
  title           = {Textrunner: open information extraction on the web},
  author          = {Yates, Alexander and Cafarella, Michael and Banko, Michele
                  and Etzioni, Oren and Broadhead, Matthew and Soderland,
                  Stephen},
  booktitle       = {Proceedings of Human Language Technologies: The Annual
                  Conference of the North American Chapter of the Association
                  for Computational Linguistics: Demonstrations},
  pages           = {25--26},
  year            = 2007,
  organization    = {Association for Computational Linguistics}
}
