
@inproceedings{Gilmer2017,
  title={Neural Message Passing for Quantum Chemistry},
  author={Gilmer, Justin and Schoenholz, Samuel S and Riley, Patrick F and Vinyals, Oriol and Dahl, George E},
  booktitle={International Conference on Machine Learning},
  pages={1263--1272},
  year={2017}
}


@inproceedings{peters2018deep,
  title={Deep contextualized word representations},
  author={Peters, Matthew E and Neumann, Mark and Iyyer, Mohit and Gardner, Matt and Clark, Christopher and Lee, Kenton and Zettlemoyer, Luke},
  booktitle={NAACL},
  year={2018}
}

@article{devlin2018bert,
  title={BERT: Pre-training of Deep Bidirectional Transformers for Language Understanding},
  author={Devlin, Jacob and Chang, Ming-Wei and Lee, Kenton and Toutanova, Kristina},
  journal={arXiv preprint arXiv:1810.04805},
  year={2018}
}

@inproceedings{
    Velickovic2017-mh,
    title={Graph Attention Networks},
    author={Veli{\v{c}}kovi{\'c}, Petar and Cucurull, Guillem and Casanova, Arantxa and Romero, Adriana and Li{\`o}, Pietro and Bengio, Yoshua},
    booktitle={International Conference on Learning Representations},
    year={2018},
    url={https://openreview.net/forum?id=rJXMpikCZ},
}


@article{Song2018-zs,
  title={A Graph-to-Sequence Model for AMR-to-Text Generation},
  author={Song, Linfeng and Zhang, Yue and Wang, Zhiguo and Gildea, Daniel},
  journal={arXiv preprint arXiv:1805.02473},
  year={2018}
}


@article{bahdanau2014neural,
  title={Neural machine translation by jointly learning to align and translate},
  author={Bahdanau, Dzmitry and Cho, Kyunghyun and Bengio, Yoshua},
  journal={arXiv preprint arXiv:1409.0473},
  year={2014}
}

@inproceedings{Johnson2016-mw,
  title={CLEVR: A diagnostic dataset for compositional language and elementary visual reasoning},
  author={Johnson, Justin and Hariharan, Bharath and van der Maaten, Laurens and Fei-Fei, Li and Zitnick, C Lawrence and Girshick, Ross},
  booktitle={Computer Vision and Pattern Recognition (CVPR), 2017 IEEE Conference on},
  pages={1988--1997},
  year={2017},
  organization={IEEE}
}


@inproceedings{Rocktaschel2017-ho,
  title={End-to-end differentiable proving},
  author={Rockt{\"a}schel, Tim and Riedel, Sebastian},
  booktitle={Advances in Neural Information Processing Systems},
  pages={3788--3800},
  year={2017}
}


@inproceedings{Rajpurkar2016-yc,
  title={SQuAD: 100,000+ Questions for Machine Comprehension of Text},
  author={Rajpurkar, Pranav and Zhang, Jian and Lopyrev, Konstantin and Liang, Percy},
  booktitle={Proceedings of the 2016 Conference on Empirical Methods in Natural Language Processing},
  pages={2383--2392},
  year={2016}
}


@ARTICLE{Jia2016-gh,
  title   = "Adversarial Examples for Evaluating Reading Comprehension Systems",
  author  = "Jia, Robin and Liang, Percy",
  year    =  2016,
  arxivid = "1707.07328v1"
}


@ARTICLE{Rajpurkar2018-vu,
  title         = "Know What You Don't Know: Unanswerable Questions for {SQuAD}",
  author        = "Rajpurkar, Pranav and Jia, Robin and Liang, Percy",
  month         =  jun,
  year          =  2018,
  archivePrefix = "arXiv",
  eprint        = "1806.03822",
  primaryClass  = "cs.CL",
  arxivid       = "1806.03822"
}

@article{Nguyen2016-ec,
  title={MS MARCO: A human generated machine reading comprehension dataset},
  author={Nguyen, Tri and Rosenberg, Mir and Song, Xia and Gao, Jianfeng and Tiwary, Saurabh and Majumder, Rangan and Deng, Li},
  journal={arXiv preprint arXiv:1611.09268},
  year={2016}
}


@ARTICLE{Trischler2016-fc,
  title   = "{NewsQA}: A Machine Comprehension Dataset",
  author  = "Trischler, Adam and Wang, Tong and Yuan, Xingdi and Harris, Justin
             and Sordoni, Alessandro and Bachman, Philip and Suleman, Kaheer",
  journal = "arXiv preprint",
  pages   = "1--12",
  year    =  2016,
  arxivid = "1611.09830",
  doi     = "10.1016/B978-0-12-800077-9/00020-7"
}

@inproceedings{Mostafazadeh2016-hu,
  title={A Corpus and Cloze Evaluation for Deeper Understanding of Commonsense Stories},
  author={Mostafazadeh, Nasrin and Chambers, Nathanael and He, Xiaodong and Parikh, Devi and Batra, Dhruv and Vanderwende, Lucy and Kohli, Pushmeet and Allen, James},
  booktitle={Proceedings of NAACL-HLT},
  pages={839--849},
  year={2016}
}


@INPROCEEDINGS{Su2016-so,
  title     = "On generating characteristic-rich question sets for qa
               evaluation",
  booktitle = "Proceedings of the 2016 Conference on Empirical Methods in
               Natural Language Processing",
  author    = "Su, Yu and Sun, Huan and Sadler, Brian and Srivatsa, Mudhakar
               and Gur, Izzeddin and Yan, Zenghui and Yan, Xifeng",
  pages     = "562--572",
  year      =  2016
}


@INPROCEEDINGS{Kok2007-nb,
  title     = "Statistical Predicate Invention",
  booktitle = "Proceedings of the 24th International Conference on Machine
               Learning",
  author    = "Kok, Stanley and Domingos, Pedro",
  publisher = "ACM",
  pages     = "433--440",
  series    = "ICML '07",
  year      =  2007,
  address   = "New York, NY, USA",
  isbn      = "9781595937933",
  doi       = "10.1145/1273496.1273551"
}


@INPROCEEDINGS{Lavrac1994-pr,
  title       = "Inductive Logic Programming",
  booktitle   = "{WLP}",
  author      = "Lavrac, Nada and Dzeroski, Saso",
  publisher   = "Springer",
  pages       = "146--160",
  institution = "Springer",
  year        =  1994
}

@ARTICLE{Muggleton1991-dh,
  title     = "Inductive logic programming",
  author    = "Muggleton, Stephen",
  journal   = "New Generation Computing",
  publisher = "Springer",
  volume    =  8,
  number    =  4,
  pages     = "295--318",
  month     =  feb,
  year      =  1991,
  issn      = "1882-7055",
  doi       = "10.1007/BF03037089"
}


@ARTICLE{Weston2015-is,
  title   = "Towards {AI-Complete} Question Answering: A Set of Prerequisite
             Toy Tasks",
  author  = "Weston, Jason and Bordes, Antoine and Chopra, Sumit and Rush,
             Alexander M and van Merri{\"e}nboer, Bart and Joulin, Armand and
             Mikolov, Tomas",
  year    =  2015,
  issn    = "0378-7753",
  arxivid = "1502.05698",
  doi     = "10.1016/j.jpowsour.2014.09.131"
}

@article{zhang2016understanding,
  title={Understanding deep learning requires rethinking generalization},
  author={Zhang, Chiyuan and Bengio, Samy and Hardt, Moritz and Recht, Benjamin and Vinyals, Oriol},
  journal={arXiv preprint arXiv:1611.03530},
  year={2016}
}

@inproceedings{bowman2015large,
  title={A large annotated corpus for learning natural language inference},
  author={Bowman, Samuel R and Angeli, Gabor and Potts, Christopher and Manning, Christopher D},
  booktitle={Proceedings of the 2015 Conference on Empirical Methods in Natural Language Processing},
  pages={632--642},
  year={2015}
}

@inproceedings{williams2018broad,
  title={A Broad-Coverage Challenge Corpus for Sentence Understanding through Inference},
  author={Williams, Adina and Nangia, Nikita and Bowman, Samuel},
  booktitle={Proceedings of the 2018 Conference of the North American Chapter of the Association for Computational Linguistics: Human Language Technologies, Volume 1 (Long Papers)},
  volume={1},
  pages={1112--1122},
  year={2018}
}

@article{hochreiter1997long,
  title={Long short-term memory},
  author={Hochreiter, Sepp and Schmidhuber, J{\"u}rgen},
  journal={Neural computation},
  volume={9},
  number={8},
  pages={1735--1780},
  year={1997},
  publisher={MIT Press}
}

@article{sinha2018compositional,
  title={Compositional Language Understanding with Text-based Relational Reasoning},
  author={Sinha, Koustuv and Sodhani, Shagun and Hamilton, William L and Pineau, Joelle},
  journal={arXiv preprint arXiv:1811.02959},
  year={2018}
}

@book{gallaire1978logic,
  title={Logic and Data Bases},
  author={Gallaire, Herve and Minker, Jack},
  year={1978},
  publisher={Perseus Publishing}
}

@article{fodor1988connectionism,
  title={Connectionism and cognitive architecture: A critical analysis},
  author={Fodor, Jerry A and Pylyshyn, Zenon W},
  journal={Cognition},
  volume={28},
  number={1-2},
  pages={3--71},
  year={1988},
  publisher={Elsevier}
}

@inproceedings{vaswani2017attention,
  title={Attention is all you need},
  author={Vaswani, Ashish and Shazeer, Noam and Parmar, Niki and Uszkoreit, Jakob and Jones, Llion and Gomez, Aidan N and Kaiser, {\L}ukasz and Polosukhin, Illia},
  booktitle={Advances in Neural Information Processing Systems},
  pages={5998--6008},
  year={2017}
}

@inproceedings{cho2014learning,
  title={Learning Phrase Representations using RNN Encoder--Decoder for Statistical Machine Translation},
  author={Cho, Kyunghyun and van Merrienboer, Bart and Gulcehre, Caglar and Bahdanau, Dzmitry and Bougares, Fethi and Schwenk, Holger and Bengio, Yoshua},
  booktitle={Proceedings of the 2014 Conference on Empirical Methods in Natural Language Processing (EMNLP)},
  pages={1724--1734},
  year={2014}
}

@inproceedings{santoro2017simple,
  title={A simple neural network module for relational reasoning},
  author={Santoro, Adam and Raposo, David and Barrett, David G and Malinowski, Mateusz and Pascanu, Razvan and Battaglia, Peter and Lillicrap, Timothy},
  booktitle={Advances in neural information processing systems},
  pages={4967--4976},
  year={2017}
}

@inproceedings{
    hudson2018compositional,
    title={Compositional Attention Networks for Machine Reasoning},
    author={Drew Arad Hudson and Christopher D. Manning},
    booktitle={International Conference on Learning Representations},
    year={2018},
    url={https://openreview.net/forum?id=S1Euwz-Rb},
}

@inproceedings{santoro2018relational,
  title={Relational recurrent neural networks},
  author={Santoro, Adam and Faulkner, Ryan and Raposo, David and Rae, Jack and Chrzanowski, Mike and Weber, Theophane and Wierstra, Daan and Vinyals, Oriol and Pascanu, Razvan and Lillicrap, Timothy},
  booktitle={Advances in Neural Information Processing Systems},
  pages={7310--7321},
  year={2018}
}

@inproceedings{schoenmackers2010learning,
  title={Learning first-order horn clauses from web text},
  author={Schoenmackers, Stefan and Etzioni, Oren and Weld, Daniel S and Davis, Jesse},
  booktitle={Proceedings of the 2010 Conference on Empirical Methods in Natural Language Processing},
  pages={1088--1098},
  year={2010},
  organization={Association for Computational Linguistics}
}

@inproceedings{kaushik2018much,
  title={How Much Reading Does Reading Comprehension Require? A Critical Investigation of Popular Benchmarks},
  author={Kaushik, Divyansh and Lipton, Zachary C},
  booktitle={Proceedings of the 2018 Conference on Empirical Methods in Natural Language Processing},
  pages={5010--5015},
  year={2018}
}

@inproceedings{jia2017adversarial,
  title={Adversarial Examples for Evaluating Reading Comprehension Systems},
  author={Jia, Robin and Liang, Percy},
  booktitle={Proceedings of the 2017 Conference on Empirical Methods in Natural Language Processing},
  pages={2021--2031},
  year={2017}
}


@inproceedings{chen2016thorough,
  title={A Thorough Examination of the CNN/Daily Mail Reading Comprehension Task},
  author={Chen, Danqi and Bolton, Jason and Manning, Christopher D},
  booktitle={Proceedings of the 54th Annual Meeting of the Association for Computational Linguistics (Volume 1: Long Papers)},
  volume={1},
  pages={2358--2367},
  year={2016}
}


@article{paszke2017automatic,
  title={Automatic differentiation in PyTorch},
  author={Paszke, Adam and Gross, Sam and Chintala, Soumith and Chanan, Gregory and Yang, Edward and DeVito, Zachary and Lin, Zeming and Desmaison, Alban and Antiga, Luca and Lerer, Adam},
  year={2017}
}

@inproceedings{miller2017parlai,
  title={ParlAI: A Dialog Research Software Platform},
  author={Miller, Alexander and Feng, Will and Batra, Dhruv and Bordes, Antoine and Fisch, Adam and Lu, Jiasen and Parikh, Devi and Weston, Jason},
  booktitle={Proceedings of the 2017 Conference on Empirical Methods in Natural Language Processing: System Demonstrations},
  pages={79--84},
  year={2017}
}


@inproceedings{lake2017generalization,
  title={Generalization without Systematicity: On the Compositional Skills of Sequence-to-Sequence Recurrent Networks},
  author={Lake, Brenden and Baroni, Marco},
  booktitle={International Conference on Machine Learning},
  pages={2879--2888},
  year={2018}
}

@inproceedings{
    bahdanau2018systematic,
    title={Systematic Generalization: What Is Required and Can It Be Learned?},
    author={Dzmitry Bahdanau and Shikhar Murty and Michael Noukhovitch and Thien Huu Nguyen and Harm de Vries and Aaron Courville},
    booktitle={International Conference on Learning Representations},
    year={2019},
    url={https://openreview.net/forum?id=HkezXnA9YX},
}

@article{verma2018manifold,
  title={Manifold Mixup: Learning Better Representations by Interpolating Hidden States},
  author={Verma, Vikas and Lamb, Alex and Beckham, Christopher and Najafi, Amir and Courville, Aaron and Mitliagkas, Ioannis and Bengio, Yoshua},
  year={2018}
}

@article{zhang2016understanding,
  title={Understanding deep learning requires rethinking generalization},
  author={Zhang, Chiyuan and Bengio, Samy and Hardt, Moritz and Recht, Benjamin and Vinyals, Oriol},
  journal={arXiv preprint arXiv:1611.03530},
  year={2016}
}

@inproceedings{richardson2013mctest,
  title={Mctest: A challenge dataset for the open-domain machine comprehension of text},
  author={Richardson, Matthew and Burges, Christopher JC and Renshaw, Erin},
  booktitle={Proceedings of the 2013 Conference on Empirical Methods in Natural Language Processing},
  pages={193--203},
  year={2013}
}

@article{agrawal2016analyzing,
  title={Analyzing the behavior of visual question answering models},
  author={Agrawal, Aishwarya and Batra, Dhruv and Parikh, Devi},
  journal={arXiv preprint arXiv:1606.07356},
  year={2016}
}

@inproceedings{gururangan2018annotation,
  title={Annotation Artifacts in Natural Language Inference Data},
  author={Gururangan, Suchin and Swayamdipta, Swabha and Levy, Omer and Schwartz, Roy and Bowman, Samuel and Smith, Noah A},
  booktitle={Proceedings of the 2018 Conference of the North American Chapter of the Association for Computational Linguistics: Human Language Technologies, Volume 2 (Short Papers)},
  pages={107--112},
  year={2018}
}

@inproceedings{jia2017adversarial,
  title={Adversarial Examples for Evaluating Reading Comprehension Systems},
  author={Jia, Robin and Liang, Percy},
  booktitle={Proceedings of the 2017 Conference on Empirical Methods in Natural Language Processing},
  pages={2021--2031},
  year={2017}
}


@ARTICLE{Muggleton1991-dh,
  title     = "Inductive logic programming",
  author    = "Muggleton, Stephen",
  journal   = "New Generation Computing",
  publisher = "Springer",
  volume    =  8,
  number    =  4,
  pages     = "295--318",
  month     =  feb,
  year      =  1991,
  issn      = "1882-7055",
  doi       = "10.1007/BF03037089"
}

@ARTICLE{Quinlan1990-iv,
  title     = "Learning logical definitions from relations",
  author    = "Quinlan, J R",
  journal   = "Mach. Learn.",
  publisher = "Springer",
  volume    =  5,
  number    =  3,
  pages     = "239--266",
  month     =  aug,
  year      =  1990,
  issn      = "0885-6125",
  doi       = "10.1007/BF00117105"
}

@inproceedings{Rocktaschel2017-ho,
  title         = "{End-to-End} Differentiable Proving",
  author        = "Rockt{\"a}schel, Tim and Riedel, Sebastian",
  month         =  may,
  year          =  2017,
  archivePrefix = "arXiv",
  eprint        = "1705.11040",
  primaryClass  = "cs.NE",
  arxivid       = "1705.11040",
  booktitle={Advances in Neural Information Processing Systems},
}

@ARTICLE{Evans2017-pu,
  title         = "Learning Explanatory Rules from Noisy Data",
  author        = "Evans, Richard and Grefenstette, Edward",
  month         =  nov,
  year          =  2017,
  archivePrefix = "arXiv",
  eprint        = "1711.04574",
  primaryClass  = "cs.NE",
  arxivid       = "1711.04574"
}

@ARTICLE{2017arXiv170905584H,
   author = {{Hamilton}, W.~L. and {Ying}, R. and {Leskovec}, J.},
    title = "{Representation Learning on Graphs: Methods and Applications}",
  journal = {arXiv e-prints},
archivePrefix = "arXiv",
   eprint = {1709.05584},
 keywords = {Computer Science - Social and Information Networks, Computer Science - Machine Learning},
     year = 2017,
    month = sep,
   adsurl = {http://adsabs.harvard.edu/abs/2017arXiv170905584H},
  adsnote = {Provided by the SAO/NASA Astrophysics Data System}
}

@ARTICLE{2018arXiv181107017S,
   author = {Sodhani, Shagun and Chandar, Sarath and Bengio, Yoshua.},
    title = "{On Training Recurrent Neural Networks for Lifelong Learning}",
  journal = {arXiv e-prints},
archivePrefix = "arXiv",
   eprint = {1811.07017},
 keywords = {Computer Science - Machine Learning, Computer Science - Artificial Intelligence, Statistics - Machine Learning},
     year = 2018,
    month = nov,
   adsurl = {http://adsabs.harvard.edu/abs/2018arXiv181107017S},
  adsnote = {Provided by the SAO/NASA Astrophysics Data System}
}

@book{barker1995possessive,
  title={Possessive descriptions. Dissertations in Linguistics},
  author={Barker, Chris},
  year={1995},
  publisher={stanford: CsLI}
}

@inproceedings{hinton1986learning,
  title={Learning distributed representations of concepts},
  author={Hinton, Geoffrey E and others},
  booktitle={Proceedings of the eighth annual conference of the cognitive science society},
  volume={1},
  pages={12},
  year={1986},
  organization={Amherst, MA}
}

@inproceedings{hermann2015teaching,
  title={Teaching machines to read and comprehend},
  author={Hermann, Karl Moritz and Kocisky, Tomas and Grefenstette, Edward and Espeholt, Lasse and Kay, Will and Suleyman, Mustafa and Blunsom, Phil},
  booktitle={Advances in Neural Information Processing Systems},
  pages={1693--1701},
  year={2015}
}


@article{bastings2018jump,
  title={Jump to better conclusions: SCAN both left and right},
  author={Bastings, Joost and Baroni, Marco and Weston, Jason and Cho, Kyunghyun and Kiela, Douwe},
  journal={arXiv preprint arXiv:1809.04640},
  year={2018}
}
@article{loula2018rearranging,
  title={Rearranging the Familiar: Testing Compositional Generalization in Recurrent Networks},
  author={Loula, Joao and Baroni, Marco and Lake, Brenden M},
  journal={arXiv preprint arXiv:1807.07545},
  year={2018}
}

@article{devlin2018bert,
  title={Bert: Pre-training of deep bidirectional transformers for language understanding},
  author={Devlin, Jacob and Chang, Ming-Wei and Lee, Kenton and Toutanova, Kristina},
  journal={arXiv preprint arXiv:1810.04805},
  year={2018}
}

@article{nangia2017repeval,
  title={The repeval 2017 shared task: Multi-genre natural language inference with sentence representations},
  author={Nangia, Nikita and Williams, Adina and Lazaridou, Angeliki and Bowman, Samuel R},
  journal={arXiv preprint arXiv:1707.08172},
  year={2017}
}

@inproceedings{das2017go,
    title={Go for a Walk and Arrive at the Answer: Reasoning Over Paths in Knowledge Bases using Reinforcement Learning},
    author={Rajarshi Das and Shehzaad Dhuliawala and Manzil Zaheer and Luke Vilnis and Ishan Durugkar and Akshay Krishnamurthy and Alex Smola and Andrew McCallum},
    booktitle={International Conference on Learning Representations},
    year={2018},
    url={https://openreview.net/forum?id=Syg-YfWCW},
}

@inproceedings{xiong2018one,
  title={One-Shot Relational Learning for Knowledge Graphs},
  author={Xiong, Wenhan and Yu, Mo and Chang, Shiyu and Guo, Xiaoxiao and Wang, William Yang},
  booktitle={Proceedings of the 2018 Conference on Empirical Methods in Natural Language Processing},
  pages={1980--1990},
  year={2018}
}


@incollection{NIPS2018_7473,
title = {Embedding Logical Queries on Knowledge Graphs},
author = {Hamilton, Will and Bajaj, Payal and Zitnik, Marinka and Jurafsky, Dan and Leskovec, Jure},
booktitle = {Advances in Neural Information Processing Systems 31},
editor = {S. Bengio and H. Wallach and H. Larochelle and K. Grauman and N. Cesa-Bianchi and R. Garnett},
pages = {2026--2037},
year = {2018},
publisher = {Curran Associates, Inc.},
url = {http://papers.nips.cc/paper/7473-embedding-logical-queries-on-knowledge-graphs.pdf}
}

@INPROCEEDINGS{8587330,
author={Z. {Wang} and L. {Li} and D. D. {Zeng} and Y. {Chen}},
booktitle={2018 IEEE International Conference on Intelligence and Security Informatics (ISI)},
title={Attention-based Multi-hop Reasoning for Knowledge Graph},
year={2018},
volume={},
number={},
pages={211-213},
keywords={graph theory;inference mechanisms;multihop reasoning;knowledge graph;early warning;security related applications;entities;attention mechanism;reasoning paths;attentions;Cognition;Task analysis;Knowledge based systems;Semantics;Legged locomotion;Predictive models;knowledge graph;multi-hop reasoning;attention mechanism;random walking},
doi={10.1109/ISI.2018.8587330},
ISSN={},
month={Nov},}

@inproceedings{xiong2017deeppath,
  title={DeepPath: A Reinforcement Learning Method for Knowledge Graph Reasoning},
  author={Xiong, Wenhan and Hoang, Thien and Wang, William Yang},
  booktitle={Proceedings of the 2017 Conference on Empirical Methods in Natural Language Processing},
  pages={564--573},
  year={2017}
}


@article{welbl2018constructing,
  title={Constructing datasets for multi-hop reading comprehension across documents},
  author={Welbl, Johannes and Stenetorp, Pontus and Riedel, Sebastian},
  journal={Transactions of the Association of Computational Linguistics},
  volume={6},
  pages={287--302},
  year={2018},
  publisher={MIT Press}
}

@article{kartsaklis2018mapping,
  title={Mapping text to knowledge graph entities using multi-sense LSTMs},
  author={Kartsaklis, Dimitri and Pilehvar, Mohammad Taher and Collier, Nigel},
  journal={arXiv preprint arXiv:1808.07724},
  year={2018}
}

